[gd_scene load_steps=20 format=2]

[ext_resource path="res://Assets/Cursors/attack_cursor.png" type="Texture" id=1]
[ext_resource path="res://Assets/Cursors/expand_cursor.png" type="Texture" id=2]
[ext_resource path="res://Assets/Cursors/move_cursor.png" type="Texture" id=3]
[ext_resource path="res://Assets/Cursors/Cursor.png" type="Texture" id=4]
[ext_resource path="res://Scripts/Cursor/Cursor.gd" type="Script" id=5]
[ext_resource path="res://Assets/Cursors/repair.png" type="Texture" id=6]
[ext_resource path="res://Assets/Cursors/sell.png" type="Texture" id=7]
[ext_resource path="res://Assets/Cursors/down_arrow.png" type="Texture" id=8]
[ext_resource path="res://Assets/Cursors/left_arrow.png" type="Texture" id=9]
[ext_resource path="res://Assets/Cursors/top_right_arrow.png" type="Texture" id=10]
[ext_resource path="res://Assets/Cursors/up_arrow.png" type="Texture" id=11]
[ext_resource path="res://Assets/Cursors/right_arrow.png" type="Texture" id=12]
[ext_resource path="res://Assets/Cursors/top_left_arrow.png" type="Texture" id=13]
[ext_resource path="res://Assets/Cursors/bottom_right_arrow.png" type="Texture" id=14]
[ext_resource path="res://Assets/Cursors/bottom_left_arrow.png" type="Texture" id=15]
[ext_resource path="res://Assets/Cursors/collect.png" type="Texture" id=16]
[ext_resource path="res://Assets/Cursors/select.png" type="Texture" id=17]

[sub_resource type="SpriteFrames" id=1]
animations = [ {
"frames": [ ExtResource( 2 ) ],
"loop": true,
"name": "expand",
"speed": 5.0
}, {
"frames": [ ExtResource( 17 ) ],
"loop": true,
"name": "select",
"speed": 5.0
}, {
"frames": [ ExtResource( 10 ) ],
"loop": true,
"name": "up_right_arrow",
"speed": 5.0
}, {
"frames": [ ExtResource( 9 ) ],
"loop": true,
"name": "left_arrow",
"speed": 5.0
}, {
"frames": [ ExtResource( 15 ) ],
"loop": true,
"name": "down_left_arrow",
"speed": 5.0
}, {
"frames": [ ExtResource( 8 ) ],
"loop": true,
"name": "down_arrow",
"speed": 5.0
}, {
"frames": [ ExtResource( 7 ) ],
"loop": true,
"name": "sell",
"speed": 5.0
}, {
"frames": [ ExtResource( 16 ) ],
"loop": true,
"name": "collect",
"speed": 5.0
}, {
"frames": [ ExtResource( 13 ) ],
"loop": true,
"name": "up_left_arrow",
"speed": 5.0
}, {
"frames": [ ExtResource( 14 ) ],
"loop": true,
"name": "down_right_arrow",
"speed": 5.0
}, {
"frames": [ ExtResource( 6 ) ],
"loop": true,
"name": "repair",
"speed": 5.0
}, {
"frames": [ ExtResource( 11 ) ],
"loop": true,
"name": "up_arrow",
"speed": 5.0
}, {
"frames": [ ExtResource( 12 ) ],
"loop": true,
"name": "right_arrow",
"speed": 5.0
}, {
"frames": [ ExtResource( 1 ) ],
"loop": true,
"name": "attack",
"speed": 5.0
}, {
"frames": [ ExtResource( 3 ) ],
"loop": true,
"name": "move",
"speed": 5.0
} ]

[sub_resource type="SpriteFrames" id=2]
animations = [ {
"frames": [ ExtResource( 4 ) ],
"loop": true,
"name": "arrow",
"speed": 5.0
} ]

[node name="Cursor" type="Node2D"]
script = ExtResource( 5 )

[node name="CenteredSprite" type="AnimatedSprite" parent="."]
visible = false
frames = SubResource( 1 )
animation = "collect"

[node name="LeftTopSprite" type="AnimatedSprite" parent="."]
frames = SubResource( 2 )
animation = "arrow"
offset = Vector2( 4, 4 )
