[gd_scene load_steps=8 format=2]

[ext_resource path="res://Assets/Sprites/ussr_tank_right.png" type="Texture" id=1]
[ext_resource path="res://Assets/Sprites/selected_tank_right.png" type="Texture" id=2]
[ext_resource path="res://Assets/Sounds/shoot1.wav" type="AudioStream" id=3]
[ext_resource path="res://Scripts/Unit/Unit.gd" type="Script" id=4]

[sub_resource type="SpriteFrames" id=1]
animations = [ {
"frames": [ ExtResource( 1 ) ],
"loop": true,
"name": "default",
"speed": 5.0
}, {
"frames": [ ExtResource( 2 ) ],
"loop": true,
"name": "selected",
"speed": 5.0
} ]

[sub_resource type="CapsuleShape2D" id=2]
radius = 4.0
height = 4.0

[sub_resource type="CircleShape2D" id=3]
radius = 48.0

[node name="USSRTank" type="KinematicBody2D" groups=[
"Enemies",
"EnemyUnit",
]]
input_pickable = true
script = ExtResource( 4 )
unitName = "UssrTank"
productionTime = 30
cost = 1000
can_attack = true
damage = 500.0
shoot_cooldown = 4.0
max_distance_for_attack = 100.0
attack_response_time = 0.2
max_health = 500.0
health = 500.0
max_shake_offset = Vector2( 2, 2 )

[node name="AnimatedSprite" type="AnimatedSprite" parent="."]
frames = SubResource( 1 )

[node name="CollisionShape2D" type="CollisionShape2D" parent="."]
shape = SubResource( 2 )

[node name="ShootSound" type="AudioStreamPlayer2D" parent="."]
stream = ExtResource( 3 )

[node name="CooldownTimer" type="Timer" parent="."]
one_shot = true

[node name="ShakeTimer" type="Timer" parent="."]
wait_time = 0.5
one_shot = true

[node name="AttackResponseTimer" type="Timer" parent="."]
one_shot = true

[node name="SensoryArea" type="Area2D" parent="."]

[node name="CollisionShape2D" type="CollisionShape2D" parent="SensoryArea"]
shape = SubResource( 3 )
[connection signal="input_event" from="." to="." method="_on_Unit_input_event"]
[connection signal="mouse_entered" from="." to="." method="_on_Unit_mouse_entered"]
[connection signal="mouse_exited" from="." to="." method="_on_Unit_mouse_exited"]
[connection signal="timeout" from="CooldownTimer" to="." method="_on_CooldownTimer_timeout"]
[connection signal="timeout" from="ShakeTimer" to="." method="_on_ShakeTimer_timeout"]
[connection signal="timeout" from="AttackResponseTimer" to="." method="_on_AttackResponseTimer_timeout"]
[connection signal="body_entered" from="SensoryArea" to="." method="_on_SensoryArea_body_entered"]
[connection signal="body_exited" from="SensoryArea" to="." method="_on_SensoryArea_body_exited"]
