[gd_scene load_steps=12 format=2]

[ext_resource path="res://Scripts/AI/AIController/AIController.gd" type="Script" id=1]
[ext_resource path="res://Scenes/Managers/ProductionManager2/ProductionManager2.tscn" type="PackedScene" id=3]
[ext_resource path="res://Resources/ProductionManager/AllyOreRefinery.tres" type="Resource" id=4]
[ext_resource path="res://Resources/ProductionManager/AllyContructionYard.tres" type="Resource" id=5]
[ext_resource path="res://Resources/ProductionManager/AllyFactory.tres" type="Resource" id=6]
[ext_resource path="res://Resources/ProductionManager/AllyPowerPlant.tres" type="Resource" id=7]
[ext_resource path="res://Resources/ProductionManager/AllySoldier.tres" type="Resource" id=8]
[ext_resource path="res://Resources/ProductionManager/AllyTank.tres" type="Resource" id=9]
[ext_resource path="res://Resources/ProductionManager/AllyMCV.tres" type="Resource" id=10]
[ext_resource path="res://Resources/ProductionManager/AllyHarvester.tres" type="Resource" id=11]
[ext_resource path="res://Resources/ProductionManager/AllyBarraks.tres" type="Resource" id=12]

[node name="AIController" type="Node2D"]
script = ExtResource( 1 )

[node name="ProductionManager2" parent="." instance=ExtResource( 3 )]
productions = [ ExtResource( 5 ), ExtResource( 4 ), ExtResource( 7 ), ExtResource( 12 ), ExtResource( 6 ), ExtResource( 8 ), ExtResource( 9 ), ExtResource( 11 ), ExtResource( 10 ) ]
money = 2000
productionsTypesLimits = {
1: 10,
2: 4
}
productionsFreeQuota = {
"Harvester": 1
}
maxProductionsInQuery = {
}
maxProductionsTypesInQuery = {
0: 1,
1: 1,
2: 1
}
maxProductionsTypesReady = {
0: 1,
1: 1,
2: 1
}

[node name="AttackTimer" type="Timer" parent="."]
