[gd_scene load_steps=8 format=2]

[ext_resource path="res://Scripts/Unit/Unit.gd" type="Script" id=1]
[ext_resource path="res://Assets/Sprites/mcv/mcv_right.png" type="Texture" id=2]
[ext_resource path="res://Assets/Sprites/mcv_right.png" type="Texture" id=3]
[ext_resource path="res://Assets/Sprites/ussr_mcv_right.png" type="Texture" id=4]

[sub_resource type="SpriteFrames" id=1]
animations = [ {
"frames": [ ExtResource( 2 ) ],
"loop": true,
"name": "blue",
"speed": 5.0
}, {
"frames": [ ExtResource( 4 ) ],
"loop": true,
"name": "red",
"speed": 5.0
}, {
"frames": [ ExtResource( 3 ), ExtResource( 4 ) ],
"loop": true,
"name": "selected",
"speed": 5.0
} ]

[sub_resource type="CircleShape2D" id=2]
radius = 8.0

[sub_resource type="CircleShape2D" id=3]
radius = 100.0

[node name="MCV" type="KinematicBody2D" groups=[
"Units",
]]
input_pickable = true
collision_layer = 66
collision_mask = 85
script = ExtResource( 1 )
unitName = "MCV"
expandable = true
expansionName = "ConstructionYard"

[node name="AnimatedSprite" type="AnimatedSprite" parent="."]
frames = SubResource( 1 )
animation = "red"

[node name="CollisionShape2D" type="CollisionShape2D" parent="."]
shape = SubResource( 2 )

[node name="VisibilityNotifier" type="VisibilityNotifier2D" parent="."]
rect = Rect2( -8, -8, 16, 16 )

[node name="SensoryArea" type="Area2D" parent="."]

[node name="CollisionShape2D" type="CollisionShape2D" parent="SensoryArea"]
shape = SubResource( 3 )

[connection signal="input_event" from="." to="." method="_on_Unit_input_event"]
[connection signal="mouse_entered" from="." to="." method="_on_Unit_mouse_entered"]
[connection signal="mouse_exited" from="." to="." method="_on_Unit_mouse_exited"]
[connection signal="viewport_entered" from="VisibilityNotifier" to="." method="_on_viewport_entered"]
[connection signal="viewport_exited" from="VisibilityNotifier" to="." method="_on_viewport_exited"]
