[gd_scene load_steps=9 format=2]

[ext_resource path="res://Assets/Cursors/right_arrow.png" type="Texture" id=1]
[ext_resource path="res://Assets/Fonts/Pixel_NES.otf" type="DynamicFontData" id=2]
[ext_resource path="res://Scenes/MainMenu/MainMenu.gd" type="Script" id=3]

[sub_resource type="DynamicFont" id=1]
size = 10
font_data = ExtResource( 2 )

[sub_resource type="SpriteFrames" id=2]
animations = [ {
"frames": [ ExtResource( 1 ) ],
"loop": true,
"name": "default",
"speed": 5.0
} ]

[sub_resource type="Animation" id=3]
resource_name = "CreditsSelected"
length = 2.5
tracks/0/type = "value"
tracks/0/path = NodePath("Labels/CreditsLabel:visible")
tracks/0/interp = 1
tracks/0/loop_wrap = true
tracks/0/imported = false
tracks/0/enabled = true
tracks/0/keys = {
"times": PoolRealArray( 0, 0.2, 0.4, 0.6, 0.8, 1, 1.2, 1.4, 1.6, 1.8, 2, 2.5 ),
"transitions": PoolRealArray( 1, 1, 1, 1, 1, 1, 1, 1, 1, 1, 1, 1 ),
"update": 1,
"values": [ true, false, true, false, true, false, true, false, true, false, true, true ]
}

[sub_resource type="Animation" id=4]
length = 2.5
step = 0.2
tracks/0/type = "value"
tracks/0/path = NodePath("Labels/OnePlayerLabel:visible")
tracks/0/interp = 1
tracks/0/loop_wrap = true
tracks/0/imported = false
tracks/0/enabled = true
tracks/0/keys = {
"times": PoolRealArray( 0, 0.2, 0.4, 0.6, 0.8, 1, 1.2, 1.4, 1.6, 1.8, 2, 2.6 ),
"transitions": PoolRealArray( 1, 1, 1, 1, 1, 1, 1, 1, 1, 1, 1, 1 ),
"update": 1,
"values": [ true, false, true, false, true, false, true, false, true, false, true, true ]
}

[sub_resource type="Animation" id=5]
length = 2.5
step = 0.2
tracks/0/type = "value"
tracks/0/path = NodePath("Labels/TwoPlayersLabel:visible")
tracks/0/interp = 1
tracks/0/loop_wrap = true
tracks/0/imported = false
tracks/0/enabled = true
tracks/0/keys = {
"times": PoolRealArray( 0, 0.2, 0.4, 0.6, 0.8, 1, 1.2, 1.4, 1.6, 1.8, 2, 2.6 ),
"transitions": PoolRealArray( 1, 1, 1, 1, 1, 1, 1, 1, 1, 1, 1, 1 ),
"update": 1,
"values": [ true, false, true, false, true, false, true, false, true, false, true, true ]
}

[node name="MainMenu" type="Control"]
anchor_right = 1.0
anchor_bottom = 1.0
margin_right = -160.0
margin_bottom = -160.0
script = ExtResource( 3 )
__meta__ = {
"_edit_use_anchors_": false
}

[node name="Labels" type="Node2D" parent="."]
position = Vector2( 16, 0 )
__meta__ = {
"_edit_group_": true
}

[node name="OnePlayerLabel" type="Label" parent="Labels"]
margin_right = 80.0
margin_bottom = 16.0
custom_fonts/font = SubResource( 1 )
text = "1 PLAYER"
valign = 1
__meta__ = {
"_edit_use_anchors_": false
}

[node name="TwoPlayersLabel" type="Label" parent="Labels"]
margin_top = 16.0
margin_right = 80.0
margin_bottom = 32.0
custom_fonts/font = SubResource( 1 )
text = "2 PLAYERS"
valign = 1
__meta__ = {
"_edit_use_anchors_": false
}

[node name="ConstructLabel" type="Label" parent="Labels"]
margin_top = 32.0
margin_right = 80.0
margin_bottom = 48.0
custom_fonts/font = SubResource( 1 )
custom_colors/font_color = Color( 0.470588, 0.470588, 0.470588, 1 )
text = "CONSTRUCT"
valign = 1
__meta__ = {
"_edit_use_anchors_": false
}

[node name="OptionsLabel" type="Label" parent="Labels"]
margin_top = 48.0
margin_right = 64.0
margin_bottom = 64.0
custom_fonts/font = SubResource( 1 )
custom_colors/font_color = Color( 0.470588, 0.470588, 0.470588, 1 )
text = "OPTIONS"
valign = 1
__meta__ = {
"_edit_use_anchors_": false
}

[node name="CreditsLabel" type="Label" parent="Labels"]
margin_top = 64.0
margin_right = 64.0
margin_bottom = 80.0
custom_fonts/font = SubResource( 1 )
text = "CREDITS"
valign = 1

[node name="Pointer" type="AnimatedSprite" parent="."]
frames = SubResource( 2 )
offset = Vector2( 8, 8 )

[node name="AnimationPlayer" type="AnimationPlayer" parent="."]
anims/CreditsSelected = SubResource( 3 )
anims/OnePlayerSelected = SubResource( 4 )
anims/TwoPlayersSelected = SubResource( 5 )
[connection signal="animation_finished" from="AnimationPlayer" to="." method="_on_AnimationPlayer_animation_finished"]
